<record><leader>00000cas a22000007a 4500</leader><controlfield tag="001">11109148</controlfield><controlfield tag="008">840831d19721992nyumr ne      0   a0eng d</controlfield><datafield ind1=" " ind2=" " tag="010"><subfield code="a">sn 84006854 </subfield></datafield><datafield ind1=" " ind2=" " tag="040"><subfield code="a">NSD</subfield><subfield code="b">eng</subfield><subfield code="c">NSD</subfield><subfield code="d">NPH</subfield><subfield code="d">NSD</subfield><subfield code="d">CNW</subfield><subfield code="d">OCLCQ</subfield><subfield code="d">OCLCF</subfield><subfield code="d">OCLCO</subfield></datafield><datafield ind1=" " ind2=" " tag="012"><subfield code="j">0</subfield><subfield code="l">1</subfield><subfield code="m">x</subfield></datafield><datafield ind1="1" ind2=" " tag="022"><subfield code="a">0749-0437</subfield><subfield code="l">0749-0437</subfield><subfield code="2">1</subfield></datafield><datafield ind1="1" ind2=" " tag="029"><subfield code="a">AU@</subfield><subfield code="b">000020337741</subfield></datafield><datafield ind1=" " ind2=" " tag="037"><subfield code="b">Panagraphics, 761 Fillmore Ave., Buffalo, NY 14212</subfield></datafield><datafield ind1=" " ind2=" " tag="042"><subfield code="a">nsdp</subfield><subfield code="a">msc</subfield></datafield><datafield ind1="0" ind2=" " tag="130"><subfield code="a">Pol Am journal (Scranton, Pa. : Polish Union of U.S.A. ed.)</subfield></datafield><datafield ind1=" " ind2="0" tag="222"><subfield code="a">Pol-Am journal - Polish Union of U.S.A.</subfield></datafield><datafield ind1="1" ind2="0" tag="245"><subfield code="a">Pol Am journal :</subfield><subfield code="b">official newspaper, Polish Union of U.S.A.</subfield></datafield><datafield ind1="3" ind2="0" tag="246"><subfield code="a">Polish American journal</subfield></datafield><datafield ind1=" " ind2=" " tag="260"><subfield code="a">Scranton, Pa. :</subfield><subfield code="b">[s.n.]</subfield></datafield><datafield ind1=" " ind2=" " tag="300"><subfield code="a">v. :</subfield><subfield code="b">ill. ;</subfield><subfield code="c">38 cm.</subfield></datafield><datafield ind1=" " ind2=" " tag="310"><subfield code="a">Monthly</subfield></datafield><datafield ind1="1" ind2=" " tag="362"><subfield code="a">Began with vol. 61, no. 18 or no. 19 (Aug. or Sept. 1972)?; ceased with Dec. 1992.</subfield></datafield><datafield ind1=" " ind2=" " tag="500"><subfield code="a">Editor: Henry J. Dende, &lt;Sept. 1972-1982&gt;.</subfield></datafield><datafield ind1=" " ind2=" " tag="500"><subfield code="a">Published in Buffalo, N.Y., &lt;July 13, 1984-&gt;.</subfield></datafield><datafield ind1=" " ind2=" " tag="500"><subfield code="a">Publisher: Panagraphics, &lt;July 13, 1984-&gt;.</subfield></datafield><datafield ind1=" " ind2=" " tag="500"><subfield code="a">Headquarters of the Polish Union of U.S.A. located in Wilkes-Barre, Pa.</subfield></datafield><datafield ind1=" " ind2=" " tag="515"><subfield code="a">Numbering is irregular.</subfield></datafield><datafield ind1=" " ind2=" " tag="580"><subfield code="a">Published in three eds. serving several organizations, &lt;1978-1983&gt;: PNA (Polish National Alliance)--Brooklyn and Chicago, PBA (Polish Beneficial Association)--Sons of Poland and Polish Union, and National. Published in six eds., 1983-: Chicago, PNA, SP, PU, PBA, and National.</subfield></datafield><datafield ind1=" " ind2=" " tag="588"><subfield code="a">Description based on: Vol. 61, no. 19 (Sept. 1972).</subfield></datafield><datafield ind1=" " ind2="0" tag="650"><subfield code="a">Polish Americans</subfield><subfield code="v">Newspapers.</subfield></datafield><datafield ind1=" " ind2="4" tag="651"><subfield code="a">Scranton (Pa.)</subfield><subfield code="v">Newspapers.</subfield></datafield><datafield ind1=" " ind2="4" tag="651"><subfield code="a">Buffalo (N.Y.)</subfield><subfield code="v">Newspapers.</subfield></datafield><datafield ind1=" " ind2="7" tag="655"><subfield code="a">Newspapers.</subfield><subfield code="2">fast</subfield><subfield code="0">(OCoLC)fst01423814</subfield></datafield><datafield ind1=" " ind2="7" tag="650"><subfield code="a">Polish Americans.</subfield><subfield code="2">fast</subfield><subfield code="0">(OCoLC)fst01068870</subfield></datafield><datafield ind1="2" ind2=" " tag="710"><subfield code="a">Polish Union of U.S.A.</subfield></datafield><datafield ind1=" " ind2=" " tag="752"><subfield code="a">United States</subfield><subfield code="b">Pennsylvania</subfield><subfield code="c">Lackawanna</subfield><subfield code="d">Scranton.</subfield></datafield><datafield ind1=" " ind2=" " tag="752"><subfield code="a">United States</subfield><subfield code="b">Pennsylvania</subfield><subfield code="c">Luzerne</subfield><subfield code="d">Wilkes-Barre.</subfield></datafield><datafield ind1=" " ind2=" " tag="752"><subfield code="a">United States</subfield><subfield code="b">New York</subfield><subfield code="c">Erie</subfield><subfield code="d">Buffalo.</subfield></datafield><datafield ind1="1" ind2=" " tag="775"><subfield code="t">Pol Am journal (Scranton, Pa. : Polish Union of the U.S.A. ed.)</subfield><subfield code="w">(DLC)sn 84006854</subfield><subfield code="w">(OCoLC)11109148</subfield></datafield><datafield ind1="1" ind2=" " tag="775"><subfield code="t">Pol Am journal (Scranton, Pa. : Polish National Alliance of Brooklyn, U.S.A. ed.)</subfield><subfield code="w">(DLC)sn 84006851</subfield><subfield code="w">(OCoLC)11109629</subfield></datafield><datafield ind1="1" ind2=" " tag="775"><subfield code="t">Pol Am journal (Scranton, Pa. : Polish Beneficial Association (U.S.) ed.)</subfield><subfield code="w">(DLC)sn 84006852</subfield><subfield code="w">(OCoLC)11109265</subfield></datafield><datafield ind1="1" ind2=" " tag="775"><subfield code="t">Pol Am journal (Scranton, Pa. : Chicago ed.)</subfield><subfield code="w">(DLC)sn 84006856</subfield><subfield code="w">(OCoLC)11109047</subfield></datafield><datafield ind1="1" ind2=" " tag="775"><subfield code="t">Pol-Am journal (Scranton, Pa. : Association of the Sons of Poland ed.)</subfield><subfield code="w">(DLC)sn 84006853</subfield><subfield code="w">(OCoLC)11109215</subfield></datafield><datafield ind1="0" ind2="0" tag="780"><subfield code="t">Polish-American journal (Scranton, Pa. : Polish Union of U.S.A ed.)</subfield><subfield code="w">(DLC)sn 88079285</subfield><subfield code="w">(OCoLC)16812223</subfield></datafield><datafield ind1="0" ind2="0" tag="785"><subfield code="t">Polish Union of U.S.A. fraternal journal</subfield><subfield code="x">1072-4842</subfield><subfield code="w">(DLC)sn 93005189</subfield><subfield code="w">(OCoLC)29011392</subfield></datafield><datafield ind1=" " ind2=" " tag="936"><subfield code="a">July 13, 1984</subfield></datafield></record>